<record><leader>00000cas a22000007a 4500</leader><controlfield tag="001">17500276</controlfield><controlfield tag="008">880218c19659999lauwr ne      0    0eng d</controlfield><datafield ind1=" " ind2=" " tag="010"><subfield code="a">sn 88064108 </subfield></datafield><datafield ind1=" " ind2=" " tag="040"><subfield code="a">LNP</subfield><subfield code="b">eng</subfield><subfield code="c">LNP</subfield><subfield code="d">OCLCQ</subfield><subfield code="d">OCLCO</subfield></datafield><datafield ind1=" " ind2=" " tag="042"><subfield code="a">msc</subfield></datafield><datafield ind1=" " ind2=" " tag="043"><subfield code="a">n-us-la</subfield></datafield><datafield ind1="0" ind2="4" tag="245"><subfield code="a">The Kaplan herald.</subfield></datafield><datafield ind1=" " ind2=" " tag="260"><subfield code="a">Kaplan, La. :</subfield><subfield code="b">Conrad M. Kaplan</subfield></datafield><datafield ind1=" " ind2=" " tag="310"><subfield code="a">Weekly</subfield></datafield><datafield ind1="1" ind2=" " tag="362"><subfield code="a">Began in 1965?</subfield></datafield><datafield ind1=" " ind2=" " tag="500"><subfield code="a">Official journal for the towns of Kaplan and Gueydan.</subfield></datafield><datafield ind1=" " ind2=" " tag="588"><subfield code="a">Description based on: Vol. 3, no. 41 (Jan. 4, 1968).</subfield></datafield><datafield ind1=" " ind2="0" tag="651"><subfield code="a">Kaplan (La.)</subfield><subfield code="v">Newspapers.</subfield></datafield><datafield ind1=" " ind2="0" tag="651"><subfield code="a">Gueydan (La.)</subfield><subfield code="v">Newspapers.</subfield></datafield><datafield ind1=" " ind2=" " tag="752"><subfield code="a">United States</subfield><subfield code="b">Louisiana</subfield><subfield code="c">Vermilion</subfield><subfield code="d">Kaplan.</subfield></datafield><datafield ind1=" " ind2=" " tag="752"><subfield code="a">United States</subfield><subfield code="b">Louisiana</subfield><subfield code="c">Vermilion</subfield><subfield code="d">Gueydan.</subfield></datafield></record>